@inbook{case-usage-of-fruits,
	author = {},
	title = {Silverthorne Lumber Co. v. United States},
	booktitle = {251 U.S. 385 (1920)},
	date = {1920-01-26},
}

@inbook{case-terming-of-fruits,
	author = {},
	title = {Nardone v. United States},
	booktitle = {308 U.S. 338 (1939)},
	date = {1939-12-11},
}

@inbook{constitution,
	author = {},
	title = {Пункт 2 статьи 50 Конституции РФ},
	booktitle = {<<Конституция Российской Федерации>> (принята всенародным голосованием 12.12.1993 с изменениями, одобренными в ходе общероссийского голосования 01.07.2020)},
	date = {2020-07-04},
}

@BOOK{information-law,
    author = {},
    editor = {},
    title = {Федеральный закон от 27.07.2006 N 149-ФЗ (ред. от 31.07.2023) <<Об информации, информационных технологиях и о защите информации>> (с изм. и доп., вступ. в силу с 01.10.2023)},
    year = {2006},
}

@BOOK{processual-codex,
    author = {},
    editor = {},
    title = {<<Уголовно-процессуальный кодекс Российской Федерации>> от 18.12.2001 N 174-ФЗ (ред. от 27.11.2023)},
    year = {2006},
}

@inbook{usage-of-a-face-of-citizen,
	author = {},
	title = {Статья 152.1. Охрана изображения гражданина ГК РФ},
	booktitle = {<<Гражданский кодекс Российской Федерации (часть первая)>> от 30.11.1994 N 51-ФЗ (ред. от 24.07.2023) (с изм. и доп., вступ. в силу с 01.10.2023)},
	date = {2020-07-04},
}

@BOOK{citizen-law-application-pratice-1,
    author = {},
    editor = {},
    title = {Постановление Пленума Верховного Суда РФ от 23.06.2015 N 25 <<О применении судами некоторых положений раздела I части первой Гражданского кодекса Российской Федерации>>},
    year = {2006},
}

@article{mivolo2023,
   author = {Maksim Kuprashevich and Irina Tolstykh},
   title = {MiVOLO: Multi-input Transformer for Age and Gender Estimation},
   year = {2023},
   eprint = {arXiv:2307.04616},
   url = {https://github.com/WildChlamydia/MiVOLO},
}
@inproceedings{shan2020fawkes,
  title={Fawkes: Protecting Personal Privacy against Unauthorized Deep Learning Models},
  author={Shan, Shawn and Wenger, Emily and Zhang, Jiayun and Li, Huiying and Zheng, Haitao and Zhao, Ben Y},
  booktitle={Proc. of {USENIX} Security},
  year={2020},
}
@BOOK{british-guidelines-using-ai-responsibly,
    author = {Sir Geoffrey Vos and Baroness Carr of Walton-on-the-Hill and Sir Keith Lindblom and Lord Justice Colin Birss},
    editor = {},
    title = {Artificial Intelligence (AI) – Judicial Guidance},
    date = {2023-12-12},
    url = {https://www.judiciary.uk/guidance-and-resources/artificial-intelligence-ai-judicial-guidance/},
    urldate = {2023-12-18},
}

