@INBOOK{arbitr1,
  BOOKTITLE = {<<Арбитражный процессуальный кодекс Российской Федерации>> от 24.07.2002 N 95-ФЗ (ред. от 29.05.2024)},
  DATE = {2020-07-04},
  TITLE = {Пункт 3 статьи 2},
}

@BOOK{required-source,
  AUTHOR = {{Н. В. Ксенофонтов, И. А. Иванова, И. Д. Котилевец}},
  PUBLISHER = {РТУ МИРЭА},
  DATE = {2023},
  ISBN = {978-5-7339-1693-4},
  TITLE = {Кроссплатформенная среда исполнения программного обеспечения},
}

@ONLINE{deeplearning4j,
  URL = {https://deeplearning4j.konduit.ai/},
  DATE = {2023},
  TITLE = {DeepLearning4j},
  URLDATE = {2024-06-09},
}

@ONLINE{arbitration-library,
  URL = {https://kad.arbitr.ru/},
  DATE = {2020},
  TITLE = {Картотека арбитражных дел},
  URLDATE = {2024-06-09},
}

