@inbook{arbitr1,
 author = {},
 title = {Пункт 3 статьи 2},
 booktitle = {<<Арбитражный процессуальный кодекс Российской Федерации>> от 24.07.2002 N 95-ФЗ (ред. от 29.05.2024)},
 date = {2020-07-04},
}

@BOOK{required-source,
    author = {{Н. В. Ксенофонтов, И. А. Иванова, И. Д. Котилевец}},
    title = {Кроссплатформенная среда исполнения программного обеспечения},
    year = {2023},
    publisher = {РТУ МИРЭА},
    isbn = {978-5-7339-1693-4},
}

@online{deeplearning4j,
    author = {},
    title = {DeepLearning4j},
    url = {https://deeplearning4j.konduit.ai/},
    year = {2023},
    urldate = {2024-06-09},
}

@online{arbitration-library,
    author = {},
    title = {Картотека арбитражных дел},
    url = {https://kad.arbitr.ru/},
    year = {2020},
    urldate = {2024-06-09},
}
